 @misc{ wiki:Futebol,
   author = "Wikipédia",
   title = "Futebol --- Wikipédia{,} a enciclopédia livre",
   year = "2019",
   url = "\url{https://pt.wikipedia.org/w/index.php?title=Futebol&oldid=56529501}",
   note = "[Online; accessed 22-outubro-2019]"
 }

